
@article{mcmahan2017communication,
  title   = {Communication-efficient learning of deep networks from decentralized data},
  author  = {McMahan, H Brendan and Moore, Eider and Ramage, Daniel and Hampson, Seth and y Arcas, Blaise Aguera},
  journal = {Proceedings of the 20th International Conference on Artificial Intelligence and Statistics (AISTATS)},
  pages   = {1273--1282},
  year    = {2017}
}

@article{kairouz2021advances,
  title   = {Advances and open problems in federated learning},
  author  = {Kairouz, Peter and McMahan, H Brendan and others},
  journal = {Foundations and Trends in Machine Learning},
  volume  = {14},
  number  = {1--2},
  pages   = {1--210},
  year    = {2021}
}

@inproceedings{zhao2018federated,
  title     = {Federated learning with non-iid data},
  author    = {Zhao, Yue and Li, Meng and Lai, Liangzhen and Suda, Naveen and Civin, David and Chandra, Vikas},
  booktitle = {arXiv preprint arXiv:1806.00582},
  year      = {2018}
}

@article{hershey2007approximating,
  title   = {Approximating the Kullback-Leibler divergence between Gaussian mixture models},
  author  = {Hershey, John R and Olsen, Peder A},
  journal = {Proceedings of the IEEE International Conference on Acoustics, Speech and Signal Processing (ICASSP)},
  pages   = {317--320},
  year    = {2007}
}

@article{lloyd1982least,
  title   = {Least squares quantization in PCM},
  author  = {Lloyd, Stuart P},
  journal = {IEEE Transactions on Information Theory},
  volume  = {28},
  number  = {2},
  pages   = {129--137},
  year    = {1982}
}

@book{cover1991elements,
  title     = {Elements of Information Theory},
  author    = {Cover, Thomas M and Thomas, Joy A},
  year      = {1991},
  publisher = {Wiley-Interscience}
}

@misc{mcdonald2016measure,
  title  = {Measure of divergence based on information theory},
  author = {McDonald, J},
  year   = {2016},
  note   = {Accessed: 2025-02-19}
}

@article{breunig2000lof,
  title        = {LOF: Identifying Density-Based Local Outliers},
  author       = {Breunig, Markus M and Kriegel, Hans-Peter and Ng, Raymond TK and Sander, JÃ¶rg},
  journal      = {Proceedings of the 2000 ACM SIGMOD international conference on Management of data},
  pages        = {93--104},
  year         = {2000},
  organization = {ACM}
}